

@ARTICLE{WangJK02,
	author	    = {Wang, Y. U. and Jin, Y. M. M. and Khachaturyan, A. G.},
	title	    = {Phase field microelasticity theory and modeling of
	  elastically and structurally inhomogeneous solid},
	journal     = {J. Appl. Phys.},
	year	    = {2002},
	volume	    = {92},
	pages	    = {1351-1360}
} % 21


@ARTICLE{BulatovA94,
        author      = {Bulatov, V. V. and Argon, A. S.},
        title       = {A stochastic-model for continuum elastoplastic
          behavior .1. Numerical approach and strain localization},
        journal     = {Model. Simul. Mater. Sci. Eng.},
        year        = {1994},
        volume      = {2},
        pages       = {167-184}
} % 35


@ARTICLE{Jagla07,
	author	    = {Jagla, E. A.},
	title	    = {Strain localization driven by structural relaxation in
	  sheared amorphous solids},
	journal     = {Phys. Rev. E},
	year	    = {2007},
	volume	    = {76},
	pages	    = {046119}
} % 2


@ARTICLE{WangLYPW95,
        author      = {Wang, J. H. and Li, J. and Yip, S. and Phillpot, S.
          and Wolf, D.},
        title       = {Mechanical instabilities of homogeneous crystals},
        journal     = {Phys. Rev. B},
        year        = {1995},
        volume      = {52},
        pages       = {12627-12635}
} % 102


@phdthesis{LiPhDThesis00,
author = {Ju Li},
year = 2000,
month = {August},
school = {Massachusetts Institute of Technology},
title = {Modeling Microstructural Effects on Deformation Resistance and Thermal Conductivity},
note = {http://alum.mit.edu/www/liju99/Papers/00/Thesis/}
}


@ARTICLE{KohnS65,
	author	    = {Kohn, W. and Sham, L. J.},
	title	    = {Self-consistent equations including exchange and
	  correlation effects},
	journal     = {Phys Rev},
	year	    = {1965},
	volume	    = {140},
	pages	    = {1133}
} % 10739


@ARTICLE{Eshelby57,
	author	    = {Eshelby, J. D.},
	title	    = {The determination of the elastic field of an
	  ellipsoidal inclusion, and related problems},
	journal     = {Proc R Soc London Ser A-Math},
	year	    = {1957},
	volume	    = {241},
	pages	    = {376-396}
} % 3672



@REPORT{LiMathematica08,
author = {Ju Li},
year = 2008,
month = {August},
school = {University of Pennsylvania},
title = {Mathematica manipulations},
note = {http://mt.seas.upenn.edu/Stuff/e/Mathematica/}
}
