
@ARTICLE{WangLYPW95,
        author      = {Wang, J. H. and Li, J. and Yip, S. and Phillpot, S.
          and Wolf, D.},
        title       = {Mechanical instabilities of homogeneous crystals},
        journal     = {Phys. Rev. B},
        year        = {1995},
        volume      = {52},
        pages       = {12627-12635}
} % 64

@misc{Li99,
  author      = {Li, J.},
  howpublished = 
{\url{http://alum.mit.edu/www/liju99/Graphics/A/Doc/vonMisesInvariant.pdf}}
}

@ARTICLE{Li03,
        author      = {Li, J.},
        title       = {AtomEye: an efficient atomistic configuration viewer},
        journal     = {Model. Simul. Mater. Sci. Eng.},
        year        = {2003},
        volume      = {11},
        pages       = {173-177}
} % 13

@incollection{Li05-2.8,
        author      = {Li, J.},
        title       = {Basic Molecular Dynamics},
        chapter     = {2.8},
        editor      = {S. Yip},
        booktitle   = {Handbook of Materials Modeling},
        year        = {2005},
        publisher   = {Kluwer Academic Publishers},
        ISBN        = {1402032870}
  howpublished = {\url{http://alum.mit.edu/www/liju99/Papers/05/Li05-2.8.pdf}}
}

@incollection{Li05-2.19,
        author      = {Li, J.},
        title       = {Atomistic Calculation of Mechanical Behavior},
        chapter     = {2.19},
        editor      = {S. Yip},
        booktitle   = {Handbook of Materials Modeling},
        year        = {2005},
        publisher   = {Kluwer Academic Publishers},
        ISBN        = {1402032870}
  howpublished = {\url{http://alum.mit.edu/www/liju99/Papers/05/Li05-2.19.pdf}}
}

@incollection{Li05-2.31,
        author      = {Li, J.},
        title       = {Atomistic Visualization},
        chapter     = {2.31},
        editor      = {S. Yip},
        booktitle   = {Handbook of Materials Modeling},
        year        = {2005},
        publisher   = {Kluwer Academic Publishers},
        ISBN        = {1402032870}
  howpublished = {\url{http://alum.mit.edu/www/liju99/Papers/05/Li05-2.31.pdf}}
}
